@Book{xie2015,
  title = {Dynamic Documents with {R} and knitr},
  author = {Yihui Xie},
  publisher = {Chapman and Hall/CRC},
  address = {Boca Raton, Florida},
  year = {2015},
  edition = {2nd},
  note = {ISBN 978-1498716963},
  url = {http://yihui.org/knitr/},
}
@Book{gelman2021,
  title = {Regression and Other Stories},
  author = {Andrew Gelman and Jennifer Hill and Aki Vehtari},
  publisher = {Cambridge University Press},
  address = {New York},
  year = {2021},
  note = {ISBN 978-1107676510},
  url = {http://www.cambridge.org/9781107676510},
}

# Book References to add
# * Book of OHDSI
# * R for Data Science -Hadley Wickham
# * Python & Spark